<record><leader>00000cas a22000007a 4500</leader><controlfield tag="001">289017315</controlfield><controlfield tag="008">081219c20089999aluwr n       |   a0eng c</controlfield><controlfield tag="009">467</controlfield><datafield ind1=" " ind2=" " tag="010"><subfield code="a">  2008213218</subfield></datafield><datafield ind1=" " ind2=" " tag="040"><subfield code="a">NSD</subfield><subfield code="b">eng</subfield><subfield code="c">NSD</subfield><subfield code="d">OCLCQ</subfield><subfield code="d">DLC</subfield></datafield><datafield ind1=" " ind2=" " tag="012"><subfield code="l">1</subfield><subfield code="m">1</subfield></datafield><datafield ind1="0" ind2=" " tag="022"><subfield code="a">1945-9319</subfield><subfield code="l">1945-9319</subfield><subfield code="2">1</subfield></datafield><datafield ind1=" " ind2=" " tag="032"><subfield code="a">005270</subfield><subfield code="b">USPS</subfield></datafield><datafield ind1=" " ind2=" " tag="037"><subfield code="b">Springhill Publications, LLC, P.O. Box 186, Greenville, AL 36037</subfield></datafield><datafield ind1=" " ind2=" " tag="042"><subfield code="a">nsdp</subfield><subfield code="a">pcc</subfield></datafield><datafield ind1="1" ind2="0" tag="050"><subfield code="a">ISSN RECORD</subfield></datafield><datafield ind1="1" ind2="0" tag="082"><subfield code="a">070</subfield><subfield code="2">14</subfield></datafield><datafield ind1=" " ind2="0" tag="222"><subfield code="a">Greenville standard</subfield></datafield><datafield ind1="0" ind2="4" tag="245"><subfield code="a">The Greenville standard.</subfield></datafield><datafield ind1=" " ind2=" " tag="260"><subfield code="a">Greenville, AL :</subfield><subfield code="b">Springhill Publications</subfield></datafield><datafield ind1=" " ind2=" " tag="310"><subfield code="a">Weekly</subfield></datafield><datafield ind1="1" ind2=" " tag="362"><subfield code="a">Began with Vol. 1, issue 1 (Sept. 3, 2008)</subfield></datafield><datafield ind1=" " ind2=" " tag="588"><subfield code="a">Description based on surrogate of: Vol. 1, no. 15 (Dec. 18, 2008); title from masthead (publisher's website, viewed Dec. 19, 2008).</subfield></datafield><datafield ind1=" " ind2=" " tag="588"><subfield code="a">Latest issue consulted: Vol. 1, no. 99 (July 27, 2011) (Surrogate).</subfield></datafield></record>